@article{Kitchenham2007,
author = {Kitchenham, Barbara and Charters, Stuart},
year = {2007},
month = {01},
title = {Guidelines for performing Systematic Literature Reviews in Software Engineering},
volume = {2}
}

@article{Kitchenham2004,
author = {Kitchenham, Barbara},
year = {2004},
month = {08},
title = {Procedures for Performing Systematic Reviews},
volume = {33},
journal = {Keele, UK, Keele Univ.}
}


@inproceedings{Campeanu2018,
  title={GPU Support for Component-based Development of Embedded Systems},
  author={Gabriel Campeanu},
  year={2018}
}

@article{DavilaSLR2021,
title = {A systematic literature review and taxonomy of modern code review},
journal = {Journal of Systems and Software},
volume = {177},
pages = {110951},
year = {2021},
issn = {0164-1212},
doi = {https://doi.org/10.1016/j.jss.2021.110951},
url = {https://www.sciencedirect.com/science/article/pii/S0164121221000480},
author = {Nicole Davila and Ingrid Nunes},
keywords = {Modern code review, Software verification, Software quality, Systematic literature review},
}